%YAML 1.1
%TAG !u! tag:unity3d.com,2011:
--- !u!243 &-8723802324420932450
AudioMixerGroupController:
  m_ObjectHideFlags: 0
  m_CorrespondingSourceObject: {fileID: 0}
  m_PrefabInstance: {fileID: 0}
  m_PrefabAsset: {fileID: 0}
  m_Name: Music
  m_AudioMixer: {fileID: 24100000}
  m_GroupID: 1cd0592e6907f0d44899ab56f5069e62
  m_Children: []
  m_Volume: a70decb27d3660d4989190664a6a013a
  m_Pitch: 0e3087e56f23a044b954b9bd869fd1e7
  m_Send: 00000000000000000000000000000000
  m_Effects:
  - {fileID: -402582908511919788}
  - {fileID: -7817359314527376738}
  - {fileID: 5787700857461221942}
  - {fileID: -3842029816684166166}
  - {fileID: -4569163729940650682}
  m_UserColorIndex: 0
  m_Mute: 0
  m_Solo: 0
  m_BypassEffects: 0
--- !u!243 &-8553710949271205030
AudioMixerGroupController:
  m_ObjectHideFlags: 0
  m_CorrespondingSourceObject: {fileID: 0}
  m_PrefabInstance: {fileID: 0}
  m_PrefabAsset: {fileID: 0}
  m_Name: Player
  m_AudioMixer: {fileID: 24100000}
  m_GroupID: 9501613cdeb935244b08be0c3b9bf36f
  m_Children: []
  m_Volume: 77ba51df95f8554439187bfc4a992fe9
  m_Pitch: 8dd9c654fa03adf418037e942058073d
  m_Send: 00000000000000000000000000000000
  m_Effects:
  - {fileID: -1130042840263976826}
  - {fileID: -2689371503474369150}
  - {fileID: 8488813966917993124}
  m_UserColorIndex: 0
  m_Mute: 0
  m_Solo: 0
  m_BypassEffects: 0
--- !u!243 &-7908683355087263145
AudioMixerGroupController:
  m_ObjectHideFlags: 0
  m_CorrespondingSourceObject: {fileID: 0}
  m_PrefabInstance: {fileID: 0}
  m_PrefabAsset: {fileID: 0}
  m_Name: FX
  m_AudioMixer: {fileID: 24100000}
  m_GroupID: 813bc548283b17844990ff11b28faf55
  m_Children:
  - {fileID: -8553710949271205030}
  m_Volume: 4c70a17d14ad8434e82a8c8411d1dace
  m_Pitch: c4c2c042208cd7146ab58e331814f6dd
  m_Send: 00000000000000000000000000000000
  m_Effects:
  - {fileID: 1979248088670593727}
  m_UserColorIndex: 0
  m_Mute: 0
  m_Solo: 0
  m_BypassEffects: 0
--- !u!244 &-7817359314527376738
AudioMixerEffectController:
  m_ObjectHideFlags: 3
  m_CorrespondingSourceObject: {fileID: 0}
  m_PrefabInstance: {fileID: 0}
  m_PrefabAsset: {fileID: 0}
  m_Name: 
  m_EffectID: 9a6b0d6be2fe50c40a55b44470e06ad5
  m_EffectName: Compressor
  m_MixLevel: 3356b2561aff8d243a0a03b8e9a18656
  m_Parameters:
  - m_ParameterName: Threshold
    m_GUID: c5fb77f7e89ba88439a228d1a1ced643
  - m_ParameterName: Attack
    m_GUID: 15269fb529d2ecd48a67efb8fb3ea726
  - m_ParameterName: Release
    m_GUID: 2d08456b7d8050b4da3a55b14f06da8c
  - m_ParameterName: Make up gain
    m_GUID: d8c75f9ffa201d24da87520511a5a66e
  m_SendTarget: {fileID: 0}
  m_EnableWetMix: 0
  m_Bypass: 0
--- !u!244 &-4569163729940650682
AudioMixerEffectController:
  m_ObjectHideFlags: 3
  m_CorrespondingSourceObject: {fileID: 0}
  m_PrefabInstance: {fileID: 0}
  m_PrefabAsset: {fileID: 0}
  m_Name: 
  m_EffectID: 23e729809c445ea4587a578c6a38cee9
  m_EffectName: SFX Reverb
  m_MixLevel: 823ba97fbdf6f7d4688e36cd7add5222
  m_Parameters:
  - m_ParameterName: Dry Level
    m_GUID: ed6bed6a4b421d045a0c9e0b5b329584
  - m_ParameterName: Room
    m_GUID: f12757cf03e218a45becdb7b35d529b4
  - m_ParameterName: Room HF
    m_GUID: 3f7a0479a8665ad458e456d562f1b04a
  - m_ParameterName: Decay Time
    m_GUID: 82a86e69b8b9c3f4fbcc8e95e81e95b2
  - m_ParameterName: Decay HF Ratio
    m_GUID: 547a8fe8ecdd77648a51c61c05c087c4
  - m_ParameterName: Reflections
    m_GUID: bcf69af3048cc3d4db31aa3e0a6f2927
  - m_ParameterName: Reflect Delay
    m_GUID: 31fdeca0e6ea12a44abd5d7e9e5fadac
  - m_ParameterName: Reverb
    m_GUID: 7f7ec8194b6f71e4d969f22339dad777
  - m_ParameterName: Reverb Delay
    m_GUID: e86c7264f7ada964ab473169fa5ed376
  - m_ParameterName: Diffusion
    m_GUID: b8009cf157bbff14d8b61b96e22dd367
  - m_ParameterName: Density
    m_GUID: 86fa08c5790f8c54091cc46bfe1e1b5a
  - m_ParameterName: HF Reference
    m_GUID: 0b7441d63c3a21b4ba89bc675a835370
  - m_ParameterName: Room LF
    m_GUID: f15b6ae44bfb21c42908d1d349c00c2c
  - m_ParameterName: LF Reference
    m_GUID: 1b5b6895143af884183fb5191cb7ba56
  m_SendTarget: {fileID: 0}
  m_EnableWetMix: 0
  m_Bypass: 0
--- !u!244 &-3842029816684166166
AudioMixerEffectController:
  m_ObjectHideFlags: 3
  m_CorrespondingSourceObject: {fileID: 0}
  m_PrefabInstance: {fileID: 0}
  m_PrefabAsset: {fileID: 0}
  m_Name: 
  m_EffectID: 002e7eb6951480845b068c435ace4c8c
  m_EffectName: Chorus
  m_MixLevel: 3f64d661dcd12ac429b7b5331824c5e0
  m_Parameters:
  - m_ParameterName: Dry mix
    m_GUID: 68d185408be461247b0cac5e7c4015a9
  - m_ParameterName: Wet mix tap 1
    m_GUID: ba98c754f4439224a9b419ae7621ca3c
  - m_ParameterName: Wet mix tap 2
    m_GUID: 3e391c0494d22b8448ad5a63446ff020
  - m_ParameterName: Wet mix tap 3
    m_GUID: 6e364287e07ef2f4a9369ed7cd046d2e
  - m_ParameterName: Delay
    m_GUID: 4d298efe873bcc44aab884a5168a7b82
  - m_ParameterName: Rate
    m_GUID: 7a9eb9d65a931454d91b4c859ca978d2
  - m_ParameterName: Depth
    m_GUID: 32a33fa53dc844e4a87cab20873a326e
  - m_ParameterName: Feedback
    m_GUID: 27371303f6e182742bcff41781ce72fe
  m_SendTarget: {fileID: 0}
  m_EnableWetMix: 0
  m_Bypass: 0
--- !u!244 &-3130821679532697280
AudioMixerEffectController:
  m_ObjectHideFlags: 3
  m_CorrespondingSourceObject: {fileID: 0}
  m_PrefabInstance: {fileID: 0}
  m_PrefabAsset: {fileID: 0}
  m_Name: 
  m_EffectID: c39eb384bc52d6a41b90963cd83b492b
  m_EffectName: Attenuation
  m_MixLevel: 6147255e529abe144ab0432314f4f370
  m_Parameters: []
  m_SendTarget: {fileID: 0}
  m_EnableWetMix: 0
  m_Bypass: 0
--- !u!244 &-2689371503474369150
AudioMixerEffectController:
  m_ObjectHideFlags: 3
  m_CorrespondingSourceObject: {fileID: 0}
  m_PrefabInstance: {fileID: 0}
  m_PrefabAsset: {fileID: 0}
  m_Name: 
  m_EffectID: 1f813ed3389fb654bb37b8f9344645eb
  m_EffectName: Normalize
  m_MixLevel: cc9887019f6bd5645af21679b12c9ab6
  m_Parameters:
  - m_ParameterName: Fade in time
    m_GUID: c1fa0c6007f241c4ebfe0b0dd3ec2ef1
  - m_ParameterName: Lowest volume
    m_GUID: 21284b652d915d34487e7ffe549bc5b4
  - m_ParameterName: Maximum amp
    m_GUID: cd4f116e5b7566647b550a9710cbee7a
  m_SendTarget: {fileID: 0}
  m_EnableWetMix: 0
  m_Bypass: 0
--- !u!244 &-2070497057230926287
AudioMixerEffectController:
  m_ObjectHideFlags: 3
  m_CorrespondingSourceObject: {fileID: 0}
  m_PrefabInstance: {fileID: 0}
  m_PrefabAsset: {fileID: 0}
  m_Name: 
  m_EffectID: 354af657450ee574fae00c682fdf62c0
  m_EffectName: Compressor
  m_MixLevel: 960b53662681c6c4188653cf0c522e33
  m_Parameters:
  - m_ParameterName: Threshold
    m_GUID: 7e9a28deb5fa92a458dfa5d0173e1f4f
  - m_ParameterName: Attack
    m_GUID: 4d076c2f2b2b4aa4e8a6902c7f54f556
  - m_ParameterName: Release
    m_GUID: 12f6b8b213f409849a7ec0c2d7fe0f3c
  - m_ParameterName: Make up gain
    m_GUID: 24a027fcccf5c6c4d8998d4039c0ae58
  m_SendTarget: {fileID: 0}
  m_EnableWetMix: 0
  m_Bypass: 0
--- !u!244 &-1130042840263976826
AudioMixerEffectController:
  m_ObjectHideFlags: 3
  m_CorrespondingSourceObject: {fileID: 0}
  m_PrefabInstance: {fileID: 0}
  m_PrefabAsset: {fileID: 0}
  m_Name: 
  m_EffectID: 48218f918fdb2ed47813b9105eca2021
  m_EffectName: Attenuation
  m_MixLevel: 648edbabcfc8e6647998c6f9223452c4
  m_Parameters: []
  m_SendTarget: {fileID: 0}
  m_EnableWetMix: 0
  m_Bypass: 0
--- !u!244 &-402582908511919788
AudioMixerEffectController:
  m_ObjectHideFlags: 3
  m_CorrespondingSourceObject: {fileID: 0}
  m_PrefabInstance: {fileID: 0}
  m_PrefabAsset: {fileID: 0}
  m_Name: 
  m_EffectID: e9ce15b686e64bd4d919a45b195b3303
  m_EffectName: Attenuation
  m_MixLevel: 57f01aae52c77244b9aa8542f792a553
  m_Parameters: []
  m_SendTarget: {fileID: 0}
  m_EnableWetMix: 0
  m_Bypass: 0
--- !u!241 &24100000
AudioMixerController:
  m_ObjectHideFlags: 0
  m_CorrespondingSourceObject: {fileID: 0}
  m_PrefabInstance: {fileID: 0}
  m_PrefabAsset: {fileID: 0}
  m_Name: AudioMixer
  m_OutputGroup: {fileID: 0}
  m_MasterGroup: {fileID: 24300002}
  m_Snapshots:
  - {fileID: 24500006}
  m_StartSnapshot: {fileID: 24500006}
  m_SuspendThreshold: -80
  m_EnableSuspend: 1
  m_UpdateMode: 0
  m_ExposedParameters: []
  m_AudioMixerGroupViews:
  - guids:
    - 39e27884dc1537c45b9ab870abc93016
    - 1cd0592e6907f0d44899ab56f5069e62
    - 813bc548283b17844990ff11b28faf55
    - 4d7d7863bebc40d44adae1ebfb9e3892
    - 9501613cdeb935244b08be0c3b9bf36f
    name: View
  m_CurrentViewIndex: 0
  m_TargetSnapshot: {fileID: 24500006}
--- !u!243 &24300002
AudioMixerGroupController:
  m_ObjectHideFlags: 0
  m_CorrespondingSourceObject: {fileID: 0}
  m_PrefabInstance: {fileID: 0}
  m_PrefabAsset: {fileID: 0}
  m_Name: Master
  m_AudioMixer: {fileID: 24100000}
  m_GroupID: 39e27884dc1537c45b9ab870abc93016
  m_Children:
  - {fileID: -8723802324420932450}
  - {fileID: 8559776434997598999}
  - {fileID: -7908683355087263145}
  m_Volume: 6ecd16133b3e360449b63e4e75e2f5b7
  m_Pitch: 934b22b4421413445a51b8ee13358c0d
  m_Send: 00000000000000000000000000000000
  m_Effects:
  - {fileID: 24400004}
  m_UserColorIndex: 0
  m_Mute: 0
  m_Solo: 0
  m_BypassEffects: 0
--- !u!244 &24400004
AudioMixerEffectController:
  m_ObjectHideFlags: 3
  m_CorrespondingSourceObject: {fileID: 0}
  m_PrefabInstance: {fileID: 0}
  m_PrefabAsset: {fileID: 0}
  m_Name: 
  m_EffectID: ca2500cc68560f241b116fa5eabc2792
  m_EffectName: Attenuation
  m_MixLevel: a8df86249589ed44dab13957a0171c01
  m_Parameters: []
  m_SendTarget: {fileID: 0}
  m_EnableWetMix: 0
  m_Bypass: 0
--- !u!245 &24500006
AudioMixerSnapshotController:
  m_ObjectHideFlags: 0
  m_CorrespondingSourceObject: {fileID: 0}
  m_PrefabInstance: {fileID: 0}
  m_PrefabAsset: {fileID: 0}
  m_Name: Snapshot
  m_AudioMixer: {fileID: 24100000}
  m_SnapshotID: 64198d1e8623bd6479262297c5d27e1f
  m_FloatValues:
    a30f3370ad4f0ae489738f8c0553cbde: 4.64
    0dae5f80febdb714b8d4b47e5ac332fe: 210
    1fe435e0cc496864daaacee73f5c81b2: 1
    f3bf7e21d04a37b44ae1685fa7f330a8: 6525.5264
    4a3722514ea6885429360c2916d78f1e: -49.8
    dd9e1742da0d78c41876a14f089ef18e: 0.63000035
    5e720e52ec556e34ab83fb30a685860f: 1.32
    a70decb27d3660d4989190664a6a013a: -40.301147
    b2624313a8424634cb84356f383f6178: 0.575
    6ecd16133b3e360449b63e4e75e2f5b7: 3.2656894
    9fde0523fc48c5b4fb39ddc2a2ed0b0c: 100
    d177c153d0f0c0340966a8cd94db7cb5: 0.1
    abfe94d34c0a1984c990710cf340abc6: -1276
    e6512b0487a72c04895531a077ed0355: -3259
    7a48ebd4c8e31f24b83a41b82c2e4845: -4611
    f15b6ae44bfb21c42908d1d349c00c2c: -1490
    622151353b46ae04999b7455bfdada12: -32.8
    72228165b1ef705419e72676d211f5c5: 0.111
    998ede85014624947926239477513f59: -7128
    d3a931a59bac6a5419c8917b822c5a9d: 3.3
    15269fb529d2ecd48a67efb8fb3ea726: 50
    0e3087e56f23a044b954b9bd869fd1e7: 1.01
    75444496c0a40fa4494db9e04483f263: 0.7200002
    26db48b6cdfd4bd43b85b0079c2b1324: 1.77
    07c67027b186d1749a13110c0a4e5c35: -337
    c5fb77f7e89ba88439a228d1a1ced643: -51.6
    3536fe08472d73f45b73f98ceaeb2f46: 4.08
    1de77729f0cb18b458000b9f88fe1997: 0.117
    53e01c895ecc13e4b8960d301182072d: 0.46
    d69b724a3c2850142ba285f2d3032da2: -1170
    ed6bed6a4b421d045a0c9e0b5b329584: -319
    ef7172ba2fa83734380cf758e52648aa: 3.4
    932fd5ca96174ba4891d9bb7910aabd2: 0.555
    2d08456b7d8050b4da3a55b14f06da8c: 50
    72a8bd1c7e5add445ae2053752a15e67: 0.67999977
    0e3b422cec9949e49860f906d7989eca: 43.4
    780c7cbce4384354e8b89a63054254a2: 89
    e57698ece0173a34e85d819afb5336d4: 3479.9263
    27ba664dedd94e745b4f88d353b0ba1e: 0
    6417e35daae5a2242a034711034e9751: 52
    a5aeacad20c1e5e4a90e1e791f5a41a7: -5.4
    702dc1cda3c4b2f49b2aead5f75e084b: 240
    44c6a66e19c4c8a48b0043667deecc58: -43.7
    7e9a28deb5fa92a458dfa5d0173e1f4f: -36.4
    4569e70f2fe384f48a1a32a6bb2364b4: -3731
    d8c75f9ffa201d24da87520511a5a66e: 0
    3453ffbfa27f02048827b03daae75e2d: -20.693224
    f12757cf03e218a45becdb7b35d529b4: -0
    77ba51df95f8554439187bfc4a992fe9: -49.117607
  m_TransitionOverrides: {}
--- !u!244 &1979248088670593727
AudioMixerEffectController:
  m_ObjectHideFlags: 3
  m_CorrespondingSourceObject: {fileID: 0}
  m_PrefabInstance: {fileID: 0}
  m_PrefabAsset: {fileID: 0}
  m_Name: 
  m_EffectID: 075e5e22b6c10964aa3aaf0b93f4d2c2
  m_EffectName: Attenuation
  m_MixLevel: 2a4d6a0cdf606104789bccbfbd7cc31f
  m_Parameters: []
  m_SendTarget: {fileID: 0}
  m_EnableWetMix: 0
  m_Bypass: 0
--- !u!244 &5787700857461221942
AudioMixerEffectController:
  m_ObjectHideFlags: 3
  m_CorrespondingSourceObject: {fileID: 0}
  m_PrefabInstance: {fileID: 0}
  m_PrefabAsset: {fileID: 0}
  m_Name: 
  m_EffectID: b8787eda62a61924a93db8178d5968f4
  m_EffectName: ParamEQ
  m_MixLevel: 0eefe9b7c5940f0408a6fe75fbc48481
  m_Parameters:
  - m_ParameterName: Center freq
    m_GUID: 780c7cbce4384354e8b89a63054254a2
  - m_ParameterName: Octave range
    m_GUID: 3536fe08472d73f45b73f98ceaeb2f46
  - m_ParameterName: Frequency gain
    m_GUID: 5e720e52ec556e34ab83fb30a685860f
  m_SendTarget: {fileID: 0}
  m_EnableWetMix: 0
  m_Bypass: 0
--- !u!244 &8488813966917993124
AudioMixerEffectController:
  m_ObjectHideFlags: 3
  m_CorrespondingSourceObject: {fileID: 0}
  m_PrefabInstance: {fileID: 0}
  m_PrefabAsset: {fileID: 0}
  m_Name: 
  m_EffectID: f2ea51805aedc8d40b132ace20d5cfd8
  m_EffectName: SFX Reverb
  m_MixLevel: 364f7a2e98b5269429dd002ace5ecd27
  m_Parameters:
  - m_ParameterName: Dry Level
    m_GUID: abfe94d34c0a1984c990710cf340abc6
  - m_ParameterName: Room
    m_GUID: 998ede85014624947926239477513f59
  - m_ParameterName: Room HF
    m_GUID: 397c66cb255daf445b3bf8d60c5cd2e1
  - m_ParameterName: Decay Time
    m_GUID: 4a4ce87fe63e10c46a65b28f75972da5
  - m_ParameterName: Decay HF Ratio
    m_GUID: 16284b5b372bcb74680a4bcb1270ced6
  - m_ParameterName: Reflections
    m_GUID: fe9bdc2b669a5ba42a0d599fcf9203b6
  - m_ParameterName: Reflect Delay
    m_GUID: f7c8e7591ae1ff947942584530f4f33e
  - m_ParameterName: Reverb
    m_GUID: 1dd5a26fe1ede4b498d9f615042b8107
  - m_ParameterName: Reverb Delay
    m_GUID: 6ddde944d77cae6498142ff6ee6778f5
  - m_ParameterName: Diffusion
    m_GUID: 4299ea103c4a611459296f5b3125d8c4
  - m_ParameterName: Density
    m_GUID: 7355b84ad07f4b34b8c9fd838ce7e90c
  - m_ParameterName: HF Reference
    m_GUID: 1ed33f0b2c800b3408ba63cd27cdb426
  - m_ParameterName: Room LF
    m_GUID: d69b724a3c2850142ba285f2d3032da2
  - m_ParameterName: LF Reference
    m_GUID: bbb369bf3fcb69349a0b53a2df7ae4e7
  m_SendTarget: {fileID: 0}
  m_EnableWetMix: 0
  m_Bypass: 0
--- !u!243 &8559776434997598999
AudioMixerGroupController:
  m_ObjectHideFlags: 0
  m_CorrespondingSourceObject: {fileID: 0}
  m_PrefabInstance: {fileID: 0}
  m_PrefabAsset: {fileID: 0}
  m_Name: Ambience
  m_AudioMixer: {fileID: 24100000}
  m_GroupID: 4d7d7863bebc40d44adae1ebfb9e3892
  m_Children: []
  m_Volume: 3453ffbfa27f02048827b03daae75e2d
  m_Pitch: e1f3965c99d50654483a37c6176f77a9
  m_Send: 00000000000000000000000000000000
  m_Effects:
  - {fileID: -3130821679532697280}
  - {fileID: -2070497057230926287}
  m_UserColorIndex: 0
  m_Mute: 0
  m_Solo: 0
  m_BypassEffects: 0
